%% This BibTeX bibliography file was created using BibDesk.
%% http://bibdesk.sourceforge.net/


%% Created for Aggelos Kiayias at 2019-05-29 08:29:42 +0100 


%% Saved with string encoding Unicode (UTF-8) 



@inproceedings{DBLP:conf/ndss/NicolosiKDM03,
	Author = {Antonio Nicolosi and Maxwell N. Krohn and Yevgeniy Dodis and David Mazi{\`{e}}res},
	Bibsource = {dblp computer science bibliography, https://dblp.org},
	Biburl = {https://dblp.org/rec/bib/conf/ndss/NicolosiKDM03},
	Booktitle = {Proceedings of the Network and Distributed System Security Symposium, {NDSS} 2003, San Diego, California, {USA}},
	Crossref = {DBLP:conf/ndss/2003},
	Date-Added = {2019-05-29 08:29:40 +0100},
	Date-Modified = {2019-05-29 08:29:40 +0100},
	Timestamp = {Thu, 23 Jun 2016 15:53:28 +0200},
	Title = {Proactive Two-Party Signatures for User Authentication},
	Url = {http://www.isoc.org/isoc/conferences/ndss/03/proceedings/papers/15.pdf},
	Year = {2003},
	Bdsk-Url-1 = {http://www.isoc.org/isoc/conferences/ndss/03/proceedings/papers/15.pdf}}

@proceedings{DBLP:conf/ndss/2003,
	Bibsource = {dblp computer science bibliography, https://dblp.org},
	Biburl = {https://dblp.org/rec/bib/conf/ndss/2003},
	Date-Added = {2019-05-29 08:29:40 +0100},
	Date-Modified = {2019-05-29 08:29:40 +0100},
	Isbn = {1-891562-16-9},
	Publisher = {The Internet Society},
	Timestamp = {Thu, 23 Jun 2016 15:53:28 +0200},
	Title = {Proceedings of the Network and Distributed System Security Symposium, {NDSS} 2003, San Diego, California, {USA}},
	Year = {2003}}

@inproceedings{DBLP:conf/systor/LindNEKPS18,
	Author = {Joshua Lind and Oded Naor and Ittay Eyal and Florian Kelbert and Peter R. Pietzuch and Emin G{\"{u}}n Sirer},
	Bibsource = {dblp computer science bibliography, https://dblp.org},
	Biburl = {https://dblp.org/rec/bib/conf/systor/LindNEKPS18},
	Booktitle = {Proceedings of the 11th {ACM} International Systems and Storage Conference, {SYSTOR} 2018, HAIFA, Israel, June 04-07, 2018},
	Crossref = {DBLP:conf/systor/2018},
	Date-Added = {2019-05-28 19:20:19 +0100},
	Date-Modified = {2019-05-28 19:20:19 +0100},
	Doi = {10.1145/3211890.3211904},
	Pages = {125},
	Timestamp = {Wed, 21 Nov 2018 12:44:27 +0100},
	Title = {Teechain: Reducing Storage Costs on the Blockchain With Offline Payment Channels},
	Url = {https://doi.org/10.1145/3211890.3211904},
	Year = {2018},
	Bdsk-Url-1 = {https://doi.org/10.1145/3211890.3211904}}

@proceedings{DBLP:conf/systor/2018,
	Bibsource = {dblp computer science bibliography, https://dblp.org},
	Biburl = {https://dblp.org/rec/bib/conf/systor/2018},
	Date-Added = {2019-05-28 19:20:19 +0100},
	Date-Modified = {2019-05-28 19:20:19 +0100},
	Doi = {10.1145/3211890},
	Publisher = {{ACM}},
	Timestamp = {Wed, 21 Nov 2018 12:44:27 +0100},
	Title = {Proceedings of the 11th {ACM} International Systems and Storage Conference, {SYSTOR} 2018, HAIFA, Israel, June 04-07, 2018},
	Url = {https://doi.org/10.1145/3211890},
	Year = {2018},
	Bdsk-Url-1 = {https://doi.org/10.1145/3211890}}

@inproceedings{DBLP:conf/eurocrypt/PassS18,
	Author = {Rafael Pass and Elaine Shi},
	Bibsource = {dblp computer science bibliography, https://dblp.org},
	Biburl = {https://dblp.org/rec/bib/conf/eurocrypt/PassS18},
	Booktitle = {Advances in Cryptology - {EUROCRYPT} 2018 - 37th Annual International Conference on the Theory and Applications of Cryptographic Techniques, Tel Aviv, Israel, April 29 - May 3, 2018 Proceedings, Part {II}},
	Crossref = {DBLP:conf/eurocrypt/2018-2},
	Date-Added = {2019-05-28 17:22:59 +0100},
	Date-Modified = {2019-05-28 17:22:59 +0100},
	Doi = {10.1007/978-3-319-78375-8\_1},
	Pages = {3--33},
	Timestamp = {Tue, 14 May 2019 10:00:53 +0200},
	Title = {Thunderella: Blockchains with Optimistic Instant Confirmation},
	Url = {https://doi.org/10.1007/978-3-319-78375-8\_1},
	Year = {2018},
	Bdsk-Url-1 = {https://doi.org/10.1007/978-3-319-78375-8%5C_1}}

@proceedings{DBLP:conf/eurocrypt/2018-2,
	Bibsource = {dblp computer science bibliography, https://dblp.org},
	Biburl = {https://dblp.org/rec/bib/conf/eurocrypt/2018-2},
	Date-Added = {2019-05-28 17:22:59 +0100},
	Date-Modified = {2019-05-28 17:22:59 +0100},
	Doi = {10.1007/978-3-319-78375-8},
	Editor = {Jesper Buus Nielsen and Vincent Rijmen},
	Isbn = {978-3-319-78374-1},
	Publisher = {Springer},
	Series = {Lecture Notes in Computer Science},
	Timestamp = {Tue, 14 May 2019 10:00:53 +0200},
	Title = {Advances in Cryptology - {EUROCRYPT} 2018 - 37th Annual International Conference on the Theory and Applications of Cryptographic Techniques, Tel Aviv, Israel, April 29 - May 3, 2018 Proceedings, Part {II}},
	Url = {https://doi.org/10.1007/978-3-319-78375-8},
	Volume = {10821},
	Year = {2018},
	Bdsk-Url-1 = {https://doi.org/10.1007/978-3-319-78375-8}}

@inproceedings{chacha,
	Author = {Daniel J. Bernstein},
	Booktitle = {SASC: The State of the Art of Stream Ciphers.},
	Date-Added = {2017-08-21 16:46:30 +0000},
	Date-Modified = {2017-08-21 16:47:10 +0000},
	Howpublished = {Daniel J. Bernstein},
	Title = {ChaCha, a variant of Salsa20},
	Year = {2008}}

@article{DBLP:journals/iacr/DavidGKR17,
	Author = {Bernardo Machado David and Peter Gazi and Aggelos Kiayias and Alexander Russell},
	Bibsource = {dblp computer science bibliography, http://dblp.org},
	Biburl = {http://dblp.uni-trier.de/rec/bib/journals/iacr/DavidGKR17},
	Date-Added = {2017-06-23 09:22:28 +0000},
	Date-Modified = {2017-06-23 09:22:28 +0000},
	Journal = {{IACR} Cryptology ePrint Archive},
	Pages = {573},
	Timestamp = {Wed, 21 Jun 2017 18:21:46 +0200},
	Title = {Ouroboros Praos: An adaptively-secure, semi-synchronous proof-of-stake protocol},
	Url = {http://eprint.iacr.org/2017/573},
	Volume = {2017},
	Year = {2017},
	Bdsk-Url-1 = {http://eprint.iacr.org/2017/573}}

@misc{RMKQ17,
	Author = {Alexander Russell and Cristopher Moore and Aggelos Kiayias and Saad Quader},
	Date-Added = {2017-06-05 21:27:22 +0000},
	Date-Modified = {2017-06-05 21:27:22 +0000},
	Howpublished = {Cryptology ePrint Archive, Report 2017/241},
	Month = {March},
	Note = {\url{http://eprint.iacr.org/2017/241}},
	Title = {Forkable Strings are Rare},
	Year = {2017}}

@misc{KRDO16-eprint,
	Author = {Aggelos Kiayias and Alexander Russell and Bernardo David and Roman Oliynykov},
	Date-Added = {2017-06-05 21:26:56 +0000},
	Date-Modified = {2017-06-05 21:27:06 +0000},
	Howpublished = {Cryptology ePrint Archive, Report 2016/889},
	Note = {\url{http://eprint.iacr.org/2016/889}},
	Title = {Ouroboros: A Provably Secure Proof-of-Stake Blockchain Protocol},
	Year = {2017}}

@book{Mot95,
	Address = {New York, NY, USA},
	Author = {Motwani, Rajeev and Raghavan, Prabhakar},
	Date-Added = {2017-06-05 21:26:35 +0000},
	Date-Modified = {2017-06-05 21:26:35 +0000},
	Isbn = {0-521-47465-5, 9780521474658},
	Publisher = {Cambridge University Press},
	Title = {Randomized Algorithms},
	Year = {1995}}

@article{DBLP:journals/iacr/PassS16a,
	Author = {Rafael Pass and Elaine Shi},
	Bibsource = {dblp computer science bibliography, http://dblp.org},
	Biburl = {http://dblp.uni-trier.de/rec/bib/journals/iacr/PassS16a},
	Date-Added = {2017-06-05 20:52:25 +0000},
	Date-Modified = {2017-06-05 20:52:25 +0000},
	Journal = {{IACR} Cryptology ePrint Archive},
	Pages = {916},
	Timestamp = {Fri, 14 Oct 2016 13:36:13 +0200},
	Title = {FruitChains: {A} Fair Blockchain},
	Url = {http://eprint.iacr.org/2016/916},
	Volume = {2016},
	Year = {2016},
	Bdsk-Url-1 = {http://eprint.iacr.org/2016/916}}

@article{DBLP:journals/corr/Micali16,
	Author = {Silvio Micali},
	Bibsource = {dblp computer science bibliography, http://dblp.org},
	Biburl = {http://dblp.uni-trier.de/rec/bib/journals/corr/Micali16},
	Date-Added = {2017-06-05 20:50:11 +0000},
	Date-Modified = {2017-06-05 20:50:11 +0000},
	Journal = {CoRR},
	Timestamp = {Tue, 02 Aug 2016 12:59:27 +0200},
	Title = {{ALGORAND:} The Efficient and Democratic Ledger},
	Url = {http://arxiv.org/abs/1607.01341},
	Volume = {abs/1607.01341},
	Year = {2016},
	Bdsk-Url-1 = {http://arxiv.org/abs/1607.01341}}

@article{DBLP:journals/iacr/BentovPS16a,
	Author = {Iddo Bentov and Rafael Pass and Elaine Shi},
	Bibsource = {dblp computer science bibliography, http://dblp.org},
	Biburl = {http://dblp.uni-trier.de/rec/bib/journals/iacr/BentovPS16a},
	Date-Added = {2017-06-05 20:36:36 +0000},
	Date-Modified = {2017-06-05 20:36:36 +0000},
	Journal = {{IACR} Cryptology ePrint Archive},
	Pages = {919},
	Timestamp = {Fri, 14 Oct 2016 13:36:12 +0200},
	Title = {Snow White: Provably Secure Proofs of Stake},
	Url = {http://eprint.iacr.org/2016/919},
	Volume = {2016},
	Year = {2016},
	Bdsk-Url-1 = {http://eprint.iacr.org/2016/919}}

@article{DBLP:journals/iacr/BentovPS16,
	Author = {Iddo Bentov and Rafael Pass and Elaine Shi},
	Bibsource = {dblp computer science bibliography, http://dblp.org},
	Biburl = {http://dblp.uni-trier.de/rec/bib/journals/iacr/BentovPS16},
	Date-Added = {2017-06-05 20:36:10 +0000},
	Date-Modified = {2017-06-05 20:36:10 +0000},
	Journal = {{IACR} Cryptology ePrint Archive},
	Pages = {918},
	Timestamp = {Fri, 14 Oct 2016 13:36:12 +0200},
	Title = {The Sleepy Model of Consensus},
	Url = {http://eprint.iacr.org/2016/918},
	Volume = {2016},
	Year = {2016},
	Bdsk-Url-1 = {http://eprint.iacr.org/2016/918}}

@article{DBLP:journals/jacm/DworkLS88,
	Author = {Cynthia Dwork and Nancy A. Lynch and Larry J. Stockmeyer},
	Bibsource = {dblp computer science bibliography, http://dblp.org},
	Biburl = {http://dblp.uni-trier.de/rec/bib/journals/jacm/DworkLS88},
	Date-Added = {2017-02-09 21:23:35 +0000},
	Date-Modified = {2017-02-09 21:23:35 +0000},
	Doi = {10.1145/42282.42283},
	Journal = {J. {ACM}},
	Number = {2},
	Pages = {288--323},
	Timestamp = {Thu, 20 Nov 2003 12:28:07 +0100},
	Title = {Consensus in the presence of partial synchrony},
	Url = {http://doi.acm.org/10.1145/42282.42283},
	Volume = {35},
	Year = {1988},
	Bdsk-Url-1 = {http://doi.acm.org/10.1145/42282.42283},
	Bdsk-Url-2 = {http://dx.doi.org/10.1145/42282.42283}}

@article{DBLP:journals/joc/AumannL10,
	Author = {Yonatan Aumann and Yehuda Lindell},
	Bibsource = {dblp computer science bibliography, http://dblp.org},
	Biburl = {http://dblp.uni-trier.de/rec/bib/journals/joc/AumannL10},
	Date-Added = {2017-02-04 10:39:18 +0000},
	Date-Modified = {2017-02-04 10:39:18 +0000},
	Doi = {10.1007/s00145-009-9040-7},
	Journal = {J. Cryptology},
	Number = {2},
	Pages = {281--343},
	Timestamp = {Thu, 25 Nov 2010 14:56:56 +0100},
	Title = {Security Against Covert Adversaries: Efficient Protocols for Realistic Adversaries},
	Url = {http://dx.doi.org/10.1007/s00145-009-9040-7},
	Volume = {23},
	Year = {2010},
	Bdsk-Url-1 = {http://dx.doi.org/10.1007/s00145-009-9040-7}}

@article{PSS16,
	Author = {Rafael Pass and Lior Seeman and Abhi Shelat},
	Bibsource = {dblp computer science bibliography, http://dblp.org},
	Biburl = {http://dblp.uni-trier.de/rec/bib/journals/iacr/PassSS16},
	Date-Added = {2016-11-11 19:13:24 +0000},
	Date-Modified = {2016-11-11 19:13:30 +0000},
	Journal = {{IACR} Cryptology ePrint Archive},
	Pages = {454},
	Timestamp = {Sat, 11 Jun 2016 18:59:57 +0200},
	Title = {Analysis of the Blockchain Protocol in Asynchronous Networks},
	Url = {http://eprint.iacr.org/2016/454},
	Volume = {2016},
	Year = {2016},
	Bdsk-Url-1 = {http://eprint.iacr.org/2016/454}}

@misc{ford2002,
	Author = {Bryan Ford},
	Date-Added = {2016-11-11 18:42:32 +0000},
	Date-Modified = {2017-02-09 17:47:30 +0000},
	Howpublished = {http://www.brynosaurus.com/deleg/deleg.pdf},
	Title = {Delegative Democracy},
	Year = {2002}}

@book{AGT,
	Address = {New York, NY, USA},
	Author = {Nisan, Noam and Roughgarden, Tim and Tardos, Eva and Vazirani, Vijay V.},
	Date-Added = {2016-11-10 14:48:53 +0000},
	Date-Modified = {2016-11-10 14:49:04 +0000},
	Isbn = {0521872820},
	Publisher = {Cambridge University Press},
	Title = {Algorithmic Game Theory},
	Year = {2007}}

@article{Canetti-UC,
	Author = {Ran Canetti},
	Bibsource = {dblp computer science bibliography, http://dblp.org},
	Biburl = {http://dblp.uni-trier.de/rec/bib/journals/iacr/Canetti00},
	Date-Added = {2016-11-08 12:44:42 +0000},
	Date-Modified = {2016-11-08 12:44:49 +0000},
	Journal = {{IACR} Cryptology ePrint Archive},
	Pages = {67},
	Timestamp = {Tue, 24 Jan 2012 11:12:20 +0100},
	Title = {Universally Composable Security: {A} New Paradigm for Cryptographic Protocols},
	Url = {http://eprint.iacr.org/2000/067},
	Volume = {2000},
	Year = {2000},
	Bdsk-Url-1 = {http://eprint.iacr.org/2000/067}}

@misc{pass2016,
	Author = {Rafael Pass},
	Date-Added = {2016-09-12 00:38:47 +0000},
	Date-Modified = {2016-09-12 00:40:03 +0000},
	Howpublished = {Securty and Cryptography for Networks, 2016, invited talk.},
	Title = {Cryptography and Game Theory},
	Year = {2016}}

@book{Grinstead:1997eu,
	Author = {Charles M Grinstead and J Laurie Snell},
	Date-Added = {2016-09-09 15:36:23 +0000},
	Date-Modified = {2016-09-09 15:39:44 +0000},
	Edition = {2nd},
	Publisher = {American Mathematical Society},
	Title = {Introduction to Probability},
	Year = {1997}}

@book{as2004,
	Author = {Noga Alon and Joel Spencer},
	Date-Added = {2016-09-09 15:33:24 +0000},
	Date-Modified = {2016-09-09 15:40:44 +0000},
	Edition = {3rd},
	Publisher = {Wiley},
	Title = {The Probabilistic Method},
	Year = {2008}}

@misc{KP15,
	Author = {Aggelos Kiayias and Giorgos Panagiotakos},
	Date-Added = {2016-08-23 06:44:43 +0000},
	Date-Modified = {2016-08-23 06:44:46 +0000},
	Howpublished = {Cryptology ePrint Archive, Report 2015/1019},
	Note = {\url{http://eprint.iacr.org/2015/1019}},
	Title = {Speed-Security Tradeoffs in Blockchain Protocols},
	Year = {2015}}

@inproceedings{DBLP:conf/sigecom/KiayiasKKT16,
	Author = {Aggelos Kiayias and Elias Koutsoupias and Maria Kyropoulou and Yiannis Tselekounis},
	Bibsource = {dblp computer science bibliography, http://dblp.org},
	Biburl = {http://dblp.uni-trier.de/rec/bib/conf/sigecom/KiayiasKKT16},
	Booktitle = {Proceedings of the 2016 {ACM} Conference on Economics and Computation, {EC} '16, Maastricht, The Netherlands, July 24-28, 2016},
	Crossref = {DBLP:conf/sigecom/2016},
	Date-Added = {2016-08-15 10:29:36 +0000},
	Date-Modified = {2016-08-15 10:29:36 +0000},
	Doi = {10.1145/2940716.2940773},
	Pages = {365--382},
	Timestamp = {Fri, 22 Jul 2016 09:44:16 +0200},
	Title = {Blockchain Mining Games},
	Url = {http://doi.acm.org/10.1145/2940716.2940773},
	Year = {2016},
	Bdsk-Url-1 = {http://doi.acm.org/10.1145/2940716.2940773},
	Bdsk-Url-2 = {http://dx.doi.org/10.1145/2940716.2940773}}

@proceedings{DBLP:conf/sigecom/2016,
	Bibsource = {dblp computer science bibliography, http://dblp.org},
	Biburl = {http://dblp.uni-trier.de/rec/bib/conf/sigecom/2016},
	Date-Added = {2016-08-15 10:29:36 +0000},
	Date-Modified = {2016-08-15 10:29:36 +0000},
	Doi = {10.1145/2940716},
	Editor = {Vincent Conitzer and Dirk Bergemann and Yiling Chen},
	Isbn = {978-1-4503-3936-0},
	Publisher = {{ACM}},
	Timestamp = {Fri, 22 Jul 2016 09:36:55 +0200},
	Title = {Proceedings of the 2016 {ACM} Conference on Economics and Computation, {EC} '16, Maastricht, The Netherlands, July 24-28, 2016},
	Url = {http://doi.acm.org/10.1145/2940716},
	Year = {2016},
	Bdsk-Url-1 = {http://doi.acm.org/10.1145/2940716},
	Bdsk-Url-2 = {http://dx.doi.org/10.1145/2940716}}

@inproceedings{DBLP:conf/crypto/Schoenmakers99,
	Author = {Berry Schoenmakers},
	Bibsource = {dblp computer science bibliography, http://dblp.org},
	Biburl = {http://dblp.uni-trier.de/rec/bib/conf/crypto/Schoenmakers99},
	Booktitle = {Advances in Cryptology - {CRYPTO} '99, 19th Annual International Cryptology Conference, Santa Barbara, California, USA, August 15-19, 1999, Proceedings},
	Crossref = {DBLP:conf/crypto/1999},
	Date-Added = {2016-08-15 09:10:54 +0000},
	Date-Modified = {2016-10-27 17:57:41 +0000},
	Doi = {10.1007/3-540-48405-1_10},
	Pages = {148--164},
	Timestamp = {Fri, 18 Sep 2009 12:20:27 +0200},
	Title = {A Simple Publicly Verifiable Secret Sharing Scheme and Its Application to Electronic Voting},
	Url = {http://dx.doi.org/10.1007/3-540-48405-1_10},
	Year = {1999},
	Bdsk-Url-1 = {http://dx.doi.org/10.1007/3-540-48405-1_10}}

@proceedings{DBLP:conf/crypto/1999,
	Bibsource = {dblp computer science bibliography, http://dblp.org},
	Biburl = {http://dblp.uni-trier.de/rec/bib/conf/crypto/1999},
	Date-Added = {2016-08-15 09:10:54 +0000},
	Date-Modified = {2016-08-15 09:10:54 +0000},
	Editor = {Michael J. Wiener},
	Isbn = {3-540-66347-9},
	Publisher = {Springer},
	Series = {Lecture Notes in Computer Science},
	Timestamp = {Thu, 03 Jan 2002 11:55:47 +0100},
	Title = {Advances in Cryptology - {CRYPTO} '99, 19th Annual International Cryptology Conference, Santa Barbara, California, USA, August 15-19, 1999, Proceedings},
	Volume = {1666},
	Year = {1999}}

@inproceedings{DBLP:conf/focs/Feldman87,
	Author = {Paul Feldman},
	Bibsource = {dblp computer science bibliography, http://dblp.org},
	Biburl = {http://dblp.uni-trier.de/rec/bib/conf/focs/Feldman87},
	Booktitle = {28th Annual Symposium on Foundations of Computer Science, Los Angeles, California, USA, 27-29 October 1987},
	Crossref = {DBLP:conf/focs/FOCS28},
	Date-Added = {2016-08-15 09:07:14 +0000},
	Date-Modified = {2016-08-15 09:07:14 +0000},
	Doi = {10.1109/SFCS.1987.4},
	Pages = {427--437},
	Timestamp = {Tue, 16 Dec 2014 09:57:22 +0100},
	Title = {A Practical Scheme for Non-interactive Verifiable Secret Sharing},
	Url = {http://dx.doi.org/10.1109/SFCS.1987.4},
	Year = {1987},
	Bdsk-Url-1 = {http://dx.doi.org/10.1109/SFCS.1987.4}}

@proceedings{DBLP:conf/focs/FOCS28,
	Bibsource = {dblp computer science bibliography, http://dblp.org},
	Biburl = {http://dblp.uni-trier.de/rec/bib/conf/focs/FOCS28},
	Date-Added = {2016-08-15 09:07:14 +0000},
	Date-Modified = {2016-08-15 09:07:14 +0000},
	Isbn = {0-8186-0807-2},
	Publisher = {{IEEE} Computer Society},
	Timestamp = {Mon, 15 Dec 2014 18:48:44 +0100},
	Title = {28th Annual Symposium on Foundations of Computer Science, Los Angeles, California, USA, 27-29 October 1987},
	Url = {http://ieeexplore.ieee.org/xpl/mostRecentIssue.jsp?punumber=4568244},
	Year = {1987},
	Bdsk-Url-1 = {http://ieeexplore.ieee.org/xpl/mostRecentIssue.jsp?punumber=4568244}}

@misc{cryptoeprint:2016:035,
	Author = {Tal Moran and Ilan Orlov},
	Date-Added = {2016-08-14 14:54:10 +0000},
	Date-Modified = {2016-08-14 14:54:10 +0000},
	Howpublished = {Cryptology ePrint Archive, Report 2016/035},
	Note = {\url{http://eprint.iacr.org/2016/035}},
	Title = {Proofs of Space-Time and Rational Proofs of Storage},
	Year = {2016}}

@inproceedings{DBLP:conf/crypto/DziembowskiFKP15,
	Author = {Stefan Dziembowski and Sebastian Faust and Vladimir Kolmogorov and Krzysztof Pietrzak},
	Bibsource = {dblp computer science bibliography, http://dblp.org},
	Biburl = {http://dblp.uni-trier.de/rec/bib/conf/crypto/DziembowskiFKP15},
	Booktitle = {Advances in Cryptology - {CRYPTO} 2015 - 35th Annual Cryptology Conference, Santa Barbara, CA, USA, August 16-20, 2015, Proceedings, Part {II}},
	Crossref = {DBLP:conf/crypto/2015-2},
	Date-Added = {2016-08-14 14:51:43 +0000},
	Date-Modified = {2016-08-14 14:51:43 +0000},
	Doi = {10.1007/978-3-662-48000-7_29},
	Pages = {585--605},
	Timestamp = {Mon, 03 Aug 2015 13:32:48 +0200},
	Title = {Proofs of Space},
	Url = {http://dx.doi.org/10.1007/978-3-662-48000-7_29},
	Year = {2015},
	Bdsk-Url-1 = {http://dx.doi.org/10.1007/978-3-662-48000-7_29}}

@proceedings{DBLP:conf/crypto/2015-2,
	Bibsource = {dblp computer science bibliography, http://dblp.org},
	Biburl = {http://dblp.uni-trier.de/rec/bib/conf/crypto/2015-2},
	Date-Added = {2016-08-14 14:51:43 +0000},
	Date-Modified = {2016-08-14 14:51:43 +0000},
	Doi = {10.1007/978-3-662-48000-7},
	Editor = {Rosario Gennaro and Matthew Robshaw},
	Isbn = {978-3-662-47999-5},
	Publisher = {Springer},
	Series = {Lecture Notes in Computer Science},
	Timestamp = {Mon, 03 Aug 2015 13:30:24 +0200},
	Title = {Advances in Cryptology - {CRYPTO} 2015 - 35th Annual Cryptology Conference, Santa Barbara, CA, USA, August 16-20, 2015, Proceedings, Part {II}},
	Url = {http://dx.doi.org/10.1007/978-3-662-48000-7},
	Volume = {9216},
	Year = {2015},
	Bdsk-Url-1 = {http://dx.doi.org/10.1007/978-3-662-48000-7}}

@inproceedings{DBLP:conf/scn/AtenieseBFG14,
	Author = {Giuseppe Ateniese and Ilario Bonacina and Antonio Faonio and Nicola Galesi},
	Bibsource = {dblp computer science bibliography, http://dblp.org},
	Biburl = {http://dblp.uni-trier.de/rec/bib/conf/scn/AtenieseBFG14},
	Booktitle = {Security and Cryptography for Networks - 9th International Conference, {SCN} 2014, Amalfi, Italy, September 3-5, 2014. Proceedings},
	Crossref = {DBLP:conf/scn/2014},
	Date-Added = {2016-08-14 14:50:38 +0000},
	Date-Modified = {2016-08-14 14:50:38 +0000},
	Doi = {10.1007/978-3-319-10879-7_31},
	Pages = {538--557},
	Timestamp = {Tue, 16 Sep 2014 11:20:50 +0200},
	Title = {Proofs of Space: When Space Is of the Essence},
	Url = {http://dx.doi.org/10.1007/978-3-319-10879-7_31},
	Year = {2014},
	Bdsk-Url-1 = {http://dx.doi.org/10.1007/978-3-319-10879-7_31}}

@proceedings{DBLP:conf/scn/2014,
	Bibsource = {dblp computer science bibliography, http://dblp.org},
	Biburl = {http://dblp.uni-trier.de/rec/bib/conf/scn/2014},
	Date-Added = {2016-08-14 14:50:38 +0000},
	Date-Modified = {2016-08-14 14:50:38 +0000},
	Doi = {10.1007/978-3-319-10879-7},
	Editor = {Michel Abdalla and Roberto De Prisco},
	Isbn = {978-3-319-10878-0},
	Publisher = {Springer},
	Series = {Lecture Notes in Computer Science},
	Timestamp = {Tue, 16 Sep 2014 11:14:18 +0200},
	Title = {Security and Cryptography for Networks - 9th International Conference, {SCN} 2014, Amalfi, Italy, September 3-5, 2014. Proceedings},
	Url = {http://dx.doi.org/10.1007/978-3-319-10879-7},
	Volume = {8642},
	Year = {2014},
	Bdsk-Url-1 = {http://dx.doi.org/10.1007/978-3-319-10879-7}}

@article{DBLP:journals/iacr/ParkPAFG15,
	Author = {Sunoo Park and Krzysztof Pietrzak and Albert Kwon and Jo{\"{e}}l Alwen and Georg Fuchsbauer and Peter Gazi},
	Bibsource = {dblp computer science bibliography, http://dblp.org},
	Biburl = {http://dblp.uni-trier.de/rec/bib/journals/iacr/ParkPAFG15},
	Date-Added = {2016-08-14 14:49:00 +0000},
	Date-Modified = {2016-08-14 14:49:00 +0000},
	Journal = {{IACR} Cryptology ePrint Archive},
	Pages = {528},
	Timestamp = {Mon, 23 Nov 2015 10:01:34 +0100},
	Title = {Spacemint: {A} Cryptocurrency Based on Proofs of Space},
	Url = {http://eprint.iacr.org/2015/528},
	Volume = {2015},
	Year = {2015},
	Bdsk-Url-1 = {http://eprint.iacr.org/2015/528}}

@article{DBLP:journals/corr/SapirshteinSZ15,
	Author = {Ayelet Sapirshtein and Yonatan Sompolinsky and Aviv Zohar},
	Bibsource = {dblp computer science bibliography, http://dblp.org},
	Biburl = {http://dblp.uni-trier.de/rec/bib/journals/corr/SapirshteinSZ15},
	Date-Added = {2016-08-14 14:40:42 +0000},
	Date-Modified = {2016-08-14 14:40:42 +0000},
	Journal = {CoRR},
	Timestamp = {Sun, 02 Aug 2015 18:42:02 +0200},
	Title = {Optimal Selfish Mining Strategies in Bitcoin},
	Url = {http://arxiv.org/abs/1507.06183},
	Volume = {abs/1507.06183},
	Year = {2015},
	Bdsk-Url-1 = {http://arxiv.org/abs/1507.06183}}

@inproceedings{DBLP:conf/ndss/DanezisM16,
	Author = {George Danezis and Sarah Meiklejohn},
	Bibsource = {dblp computer science bibliography, http://dblp.org},
	Biburl = {http://dblp.uni-trier.de/rec/bib/conf/ndss/DanezisM16},
	Booktitle = {23nd Annual Network and Distributed System Security Symposium, {NDSS} 2016, San Diego, California, USA, February 21-24, 2016},
	Crossref = {DBLP:conf/ndss/2016},
	Date-Added = {2016-08-14 14:29:47 +0000},
	Date-Modified = {2016-08-14 14:29:47 +0000},
	Timestamp = {Wed, 06 Jul 2016 15:51:39 +0200},
	Title = {Centrally Banked Cryptocurrencies},
	Url = {http://www.internetsociety.org/sites/default/files/blogs-media/centrally-banked-cryptocurrencies.pdf},
	Year = {2016},
	Bdsk-Url-1 = {http://www.internetsociety.org/sites/default/files/blogs-media/centrally-banked-cryptocurrencies.pdf}}

@proceedings{DBLP:conf/ndss/2016,
	Bibsource = {dblp computer science bibliography, http://dblp.org},
	Biburl = {http://dblp.uni-trier.de/rec/bib/conf/ndss/2016},
	Date-Added = {2016-08-14 14:29:47 +0000},
	Date-Modified = {2016-08-14 14:29:47 +0000},
	Publisher = {The Internet Society},
	Timestamp = {Wed, 06 Jul 2016 15:51:25 +0200},
	Title = {23nd Annual Network and Distributed System Security Symposium, {NDSS} 2016, San Diego, California, USA, February 21-24, 2016},
	Url = {http://www.internetsociety.org/events/ndss-symposium-2016},
	Year = {2016},
	Bdsk-Url-1 = {http://www.internetsociety.org/events/ndss-symposium-2016}}

@article{DM14,
	Author = {Karl J. O'Dwyer and David Malone},
	Date-Added = {2016-08-14 14:01:08 +0000},
	Date-Modified = {2016-08-14 14:05:15 +0000},
	Journal = {ISSC 2014 / CIICT 2014, Limerick, June 26--27},
	Title = {Bitcoin Mining and its Energy Footprint},
	Year = {2014}}

@article{DBLP:journals/corr/BentovGM14,
	Author = {Iddo Bentov and Ariel Gabizon and Alex Mizrahi},
	Bibsource = {dblp computer science bibliography, http://dblp.org},
	Biburl = {http://dblp.uni-trier.de/rec/bib/journals/corr/BentovGM14},
	Date-Added = {2016-08-14 12:17:38 +0000},
	Date-Modified = {2016-08-14 12:17:38 +0000},
	Journal = {CoRR},
	Timestamp = {Tue, 01 Jul 2014 11:58:08 +0200},
	Title = {Cryptocurrencies without Proof of Work},
	Url = {http://arxiv.org/abs/1406.5694},
	Volume = {abs/1406.5694},
	Year = {2014},
	Bdsk-Url-1 = {http://arxiv.org/abs/1406.5694}}

@article{DBLP:journals/sigmetrics/BentovLMR14,
	Author = {Iddo Bentov and Charles Lee and Alex Mizrahi and Meni Rosenfeld},
	Bibsource = {dblp computer science bibliography, http://dblp.org},
	Biburl = {http://dblp.uni-trier.de/rec/bib/journals/sigmetrics/BentovLMR14},
	Date-Added = {2016-08-14 11:16:07 +0000},
	Date-Modified = {2016-08-14 11:16:07 +0000},
	Doi = {10.1145/2695533.2695545},
	Journal = {{SIGMETRICS} Performance Evaluation Review},
	Number = {3},
	Pages = {34--37},
	Timestamp = {Mon, 22 Dec 2014 13:45:12 +0100},
	Title = {Proof of Activity: Extending Bitcoin's Proof of Work via Proof of Stake [Extended Abstract]y},
	Url = {http://doi.acm.org/10.1145/2695533.2695545},
	Volume = {42},
	Year = {2014},
	Bdsk-Url-1 = {http://doi.acm.org/10.1145/2695533.2695545},
	Bdsk-Url-2 = {http://dx.doi.org/10.1145/2695533.2695545}}

@electronic{CoinDesk,
	Author = {CoinDesk},
	Howpublished = {http://www.coindesk.com/\allowbreak 10-must-read-\allowbreak cryptocurrency-research-\allowbreak papers-from-2015/},
	Month = {December},
	Title = {The Top 10 Cryptocurrency Research Papers of 2015},
	Year = {2015}}

@electronic{bitcoinwiki,
	Author = {Bitcoinwiki},
	Howpublished = {https://en.bitcoin.it/\allowbreak wiki/\allowbreak Genesis\_block},
	Title = {{Genesis} block}}

@electronic{Ethereum,
	Howpublished = {https://www.ethereum.org/},
	Title = {{The} {E}thereum {P}roject}}

@misc{AD14,
	Author = {Marcin Andrychowicz and Stefan Dziembowski},
	Howpublished = {Cryptology ePrint Archive, Report 2014/796},
	Note = {\url{http://eprint.iacr.org/}},
	Title = {Distributed Cryptography Based on the Proofs of Work},
	Year = {2014}}

@techreport{Hadzilacos94amodular,
	Author = {Vassos Hadzilacos and Sam Toueg},
	Title = {A Modular Approach to Fault-Tolerant Broadcasts and Related Problems},
	Year = {1994}}

@inproceedings{DBLP:conf/crypto/AndrychowiczD15,
	Author = {Marcin Andrychowicz and Stefan Dziembowski},
	Bibsource = {dblp computer science bibliography, http://dblp.org},
	Biburl = {http://dblp.uni-trier.de/rec/bib/conf/crypto/AndrychowiczD15},
	Booktitle = {Advances in Cryptology - {CRYPTO} 2015 - 35th Annual Cryptology Conference, Santa Barbara, CA, USA, August 16-20, 2015, Proceedings, Part {II}},
	Crossref = {DBLP:conf/crypto/2015-2},
	Doi = {10.1007/978-3-662-48000-7_19},
	Pages = {379--399},
	Timestamp = {Mon, 03 Aug 2015 13:32:48 +0200},
	Title = {PoW-Based Distributed Cryptography with No Trusted Setup},
	Url = {http://dx.doi.org/10.1007/978-3-662-48000-7_19},
	Year = {2015},
	Bdsk-Url-1 = {http://dx.doi.org/10.1007/978-3-662-48000-7_19}}

@article{FM,
	Author = {Feldman, Pesech and Micali, Silvio},
	Journal = {SIAM Journal on Computing},
	Number = {4},
	Pages = {873--933},
	Publisher = {SIAM},
	Title = {An optimal probabilistic protocol for synchronous Byzantine agreement},
	Volume = {26},
	Year = {1997}}

@misc{CD15,
	Author = {Yessi Bello Perez},
	Editor = {coindesk.com},
	Month = {August},
	Note = {[Online; posted 21 August 2015]},
	Title = {Bitcoin in the Headlines: Fork-load of Drama},
	Url = {http://www.coindesk.com/bitcoin-in-the-headlines-fork-load-of-drama/},
	Year = {2015},
	Bdsk-Url-1 = {http://www.coindesk.com/bitcoin-in-the-headlines-fork-load-of-drama/}}

@misc{CD15_2,
	Author = {Grace Caffyn},
	Editor = {coindesk.com},
	Month = {August},
	Note = {[Online; posted 21 August 2015]},
	Title = {What is the Bitcoin Block Size Debate and Why Does it Matter?},
	Url = {http://www.coindesk.com/bitcoin-in-the-headlines-fork-load-of-drama/},
	Year = {2015},
	Bdsk-Url-1 = {http://www.coindesk.com/bitcoin-in-the-headlines-fork-load-of-drama/}}

@misc{BW15,
	Author = {Bitcoin Wiki},
	Month = {August},
	Note = {[Online; Accessed: 24 August 2015]},
	Title = {Block size limit controversy},
	Url = {https://en.bitcoin.it/wiki/Block_size_limit_controversy},
	Year = {2015},
	Bdsk-Url-1 = {https://en.bitcoin.it/wiki/Block_size_limit_controversy}}

@misc{zerocash,
	Author = {Eli Ben-Sasson and Alessandro Chiesa and Christina Garman and Matthew Green and Ian Miers and Eran Tromer and Madars Virza},
	Howpublished = {Cryptology ePrint Archive, Report 2014/349},
	Note = {\url{http://eprint.iacr.org/}},
	Title = {Zerocash: Decentralized Anonymous Payments from Bitcoin},
	Year = {2014}}

@misc{decor,
	Author = {S. D. Lerner.},
	Howpublished = {Cryptology ePrint Archive, Report 2013/881},
	Month = {May},
	Note = {\url{https://bitslog.wordpress.com/2014/05/02/decor/}},
	Title = {Even faster block-chains with the DECOR protocol.},
	Year = {2014}}

@inproceedings{BMCNKF15,
	Author = {Joseph Bonneau and Andrew Miller and Jeremy Clark and Arvind Narayanan and Joshua A. Kroll and Edward W. Felten},
	Booktitle = {2015 IEEE Symposium on Security and Privacy},
	Location = {San Francisco, CA, USA},
	Month = {May},
	Title = {{Research Perspectives and Challenges for Bitcoin and Cryptocurrencies}},
	Url = {http://www.jbonneau.com/doc/BMCNKF15-IEEESP-bitcoin.pdf},
	Year = {2015},
	Bdsk-Url-1 = {http://www.jbonneau.com/doc/BMCNKF15-IEEESP-bitcoin.pdf}}

@article{DBLP:journals/iacr/KatzMS14,
	Author = {Jonathan Katz and Andrew Miller and Elaine Shi},
	Bibsource = {dblp computer science bibliography, http://dblp.org},
	Biburl = {http://dblp.uni-trier.de/rec/bib/journals/iacr/KatzMS14},
	Journal = {{IACR} Cryptology ePrint Archive},
	Pages = {857},
	Timestamp = {Sun, 16 Nov 2014 20:34:27 +0100},
	Title = {Pseudonymous Secure Computation from Time-Lock Puzzles},
	Url = {http://eprint.iacr.org/2014/857},
	Volume = {2014},
	Year = {2014},
	Bdsk-Url-1 = {http://eprint.iacr.org/2014/857}}

@inproceedings{DBLP:conf/imc/MeiklejohnPJLMVS13,
	Author = {Sarah Meiklejohn and Marjori Pomarole and Grant Jordan and Kirill Levchenko and Damon McCoy and Geoffrey M. Voelker and Stefan Savage},
	Bibsource = {dblp computer science bibliography, http://dblp.org},
	Biburl = {http://dblp.uni-trier.de/rec/bib/conf/imc/MeiklejohnPJLMVS13},
	Booktitle = {Proceedings of the 2013 Internet Measurement Conference, {IMC} 2013, Barcelona, Spain, October 23-25, 2013},
	Crossref = {DBLP:conf/imc/2013},
	Date-Added = {2015-05-16 15:37:58 +0000},
	Date-Modified = {2015-05-16 15:37:58 +0000},
	Doi = {10.1145/2504730.2504747},
	Pages = {127--140},
	Timestamp = {Tue, 12 May 2015 17:12:01 +0200},
	Title = {A fistful of bitcoins: characterizing payments among men with no names},
	Url = {http://doi.acm.org/10.1145/2504730.2504747},
	Year = {2013},
	Bdsk-Url-1 = {http://doi.acm.org/10.1145/2504730.2504747},
	Bdsk-Url-2 = {http://dx.doi.org/10.1145/2504730.2504747}}

@misc{SZ13,
	Author = {Yonatan Sompolinsky and Aviv Zohar},
	Howpublished = {Cryptology ePrint Archive, Report 2013/881},
	Note = {\url{http://eprint.iacr.org/}},
	Title = {Accelerating Bitcoin's Transaction Processing. Fast Money Grows on Trees, Not Chains},
	Year = {2013}}

@inproceedings{GKL15,
	Author = {Juan A. Garay and Aggelos Kiayias and Nikos Leonardos},
	Bibsource = {dblp computer science bibliography, http://dblp.org},
	Biburl = {http://dblp2.uni-trier.de/rec/bib/conf/eurocrypt/GarayKL15},
	Booktitle = {Advances in Cryptology - {EUROCRYPT} 2015 - 34th Annual International Conference on the Theory and Applications of Cryptographic Techniques, Sofia, Bulgaria, April 26-30, 2015, Proceedings, Part {II}},
	Crossref = {DBLP:conf/eurocrypt/2015-2},
	Doi = {10.1007/978-3-662-46803-6_10},
	Pages = {281--310},
	Timestamp = {Tue, 14 Apr 2015 13:59:22 +0200},
	Title = {The Bitcoin Backbone Protocol: Analysis and Applications},
	Url = {http://dx.doi.org/10.1007/978-3-662-46803-6_10},
	Year = {2015},
	Bdsk-Url-1 = {http://dx.doi.org/10.1007/978-3-662-46803-6_10}}

@proceedings{DBLP:conf/ccs/1993,
	Bibsource = {dblp computer science bibliography, http://dblp.org},
	Biburl = {http://dblp.uni-trier.de/rec/bib/conf/ccs/1993},
	Date-Added = {2014-09-29 14:40:11 +0000},
	Date-Modified = {2014-09-29 14:40:11 +0000},
	Editor = {Dorothy E. Denning and Raymond Pyle and Ravi Ganesan and Ravi S. Sandhu and Victoria Ashby},
	Isbn = {0-89791-629-8},
	Publisher = {{ACM}},
	Timestamp = {Mon, 29 Sep 2014 16:39:54 +0200},
	Title = {{CCS} '93, Proceedings of the 1st {ACM} Conference on Computer and Communications Security, Fairfax, Virginia, USA, November 3-5, 1993},
	Url = {http://dl.acm.org/citation.cfm?id=168588},
	Year = {1993},
	Bdsk-Url-1 = {http://dl.acm.org/citation.cfm?id=168588}}

@inproceedings{DBLP:conf/ccs/BellareR93,
	Author = {Mihir Bellare and Phillip Rogaway},
	Bibsource = {dblp computer science bibliography, http://dblp.org},
	Biburl = {http://dblp.uni-trier.de/rec/bib/conf/ccs/BellareR93},
	Booktitle = {{CCS} '93, Proceedings of the 1st {ACM} Conference on Computer and Communications Security, Fairfax, Virginia, USA, November 3-5, 1993.},
	Crossref = {DBLP:conf/ccs/1993},
	Date-Added = {2014-09-29 14:40:06 +0000},
	Date-Modified = {2014-09-29 14:40:06 +0000},
	Doi = {10.1145/168588.168596},
	Pages = {62--73},
	Timestamp = {Mon, 29 Sep 2014 16:39:54 +0200},
	Title = {Random Oracles are Practical: {A} Paradigm for Designing Efficient Protocols},
	Url = {http://doi.acm.org/10.1145/168588.168596},
	Year = {1993},
	Bdsk-Url-1 = {http://doi.acm.org/10.1145/168588.168596},
	Bdsk-Url-2 = {http://dx.doi.org/10.1145/168588.168596}}

@misc{BK14ccs,
	Author = {Iddo Bentov and Ranjit Kumaresan},
	Date-Added = {2014-09-24 06:41:04 +0000},
	Date-Modified = {2014-09-24 06:46:07 +0000},
	Howpublished = {ACM CCS 2014},
	Title = {How to Use Bitcoin to Incentivize Correct Computations},
	Year = {2014}}

@misc{cite-key,
	Crossref = {DBLP:conf/crypto/BentovK14},
	Date-Added = {2014-09-24 06:40:39 +0000},
	Date-Modified = {2014-09-24 06:40:39 +0000}}

@proceedings{DBLP:conf/crypto/2014-2,
	Bibsource = {dblp computer science bibliography, http://dblp.org},
	Biburl = {http://dblp.uni-trier.de/rec/bib/conf/crypto/2014-2},
	Date-Added = {2014-09-22 21:59:01 +0000},
	Date-Modified = {2014-09-22 21:59:01 +0000},
	Doi = {10.1007/978-3-662-44381-1},
	Editor = {Juan A. Garay and Rosario Gennaro},
	Isbn = {978-3-662-44380-4},
	Publisher = {Springer},
	Series = {Lecture Notes in Computer Science},
	Timestamp = {Mon, 22 Sep 2014 23:52:46 +0200},
	Title = {Advances in Cryptology - {CRYPTO} 2014 - 34th Annual Cryptology Conference, Santa Barbara, CA, USA, August 17-21, 2014, Proceedings, Part {II}},
	Url = {http://dx.doi.org/10.1007/978-3-662-44381-1},
	Volume = {8617},
	Year = {2014},
	Bdsk-Url-1 = {http://dx.doi.org/10.1007/978-3-662-44381-1}}

@misc{ADMM14,
	Author = {Marcin Andrychowicz and Stefan Dziembowski and Daniel Malinowski and {\L}ukasz Mazurek},
	Date-Added = {2014-09-22 21:57:19 +0000},
	Date-Modified = {2014-09-24 06:44:15 +0000},
	Howpublished = {IEEE Security and Privacy},
	Title = {Secure Multiparty Computations on Bitcoin},
	Year = {2014}}

@inproceedings{DBLP:conf/crypto/BentovK14,
	Author = {Iddo Bentov and Ranjit Kumaresan},
	Bibsource = {dblp computer science bibliography, http://dblp.org},
	Biburl = {http://dblp.uni-trier.de/rec/bib/conf/crypto/BentovK14},
	Booktitle = {Advances in Cryptology - {CRYPTO} 2014 - 34th Annual Cryptology Conference, Santa Barbara, CA, USA, August 17-21, 2014, Proceedings, Part {II}},
	Crossref = {DBLP:conf/crypto/2014-2},
	Date-Added = {2014-09-22 21:53:16 +0000},
	Date-Modified = {2014-09-22 21:53:16 +0000},
	Doi = {10.1007/978-3-662-44381-1_24},
	Pages = {421--439},
	Timestamp = {Mon, 22 Sep 2014 23:52:46 +0200},
	Title = {How to Use Bitcoin to Design Fair Protocols},
	Url = {http://dx.doi.org/10.1007/978-3-662-44381-1_24},
	Year = {2014},
	Bdsk-Url-1 = {http://dx.doi.org/10.1007/978-3-662-44381-1_24}}

@article{DBLP:journals/iacr/SompolinskyZ13,
	Author = {Yonatan Sompolinsky and Aviv Zohar},
	Bibsource = {dblp computer science bibliography, http://dblp.org},
	Biburl = {http://dblp.uni-trier.de/rec/bib/journals/iacr/SompolinskyZ13},
	Date-Added = {2014-09-11 10:08:24 +0000},
	Date-Modified = {2014-09-11 10:08:24 +0000},
	Journal = {{IACR} Cryptology ePrint Archive},
	Pages = {881},
	Timestamp = {Thu, 11 Sep 2014 12:07:59 +0200},
	Title = {Accelerating Bitcoin's Transaction Processing. Fast Money Grows on Trees, Not Chains},
	Url = {http://eprint.iacr.org/2013/881},
	Volume = {2013},
	Year = {2013},
	Bdsk-Url-1 = {http://eprint.iacr.org/2013/881}}

@inproceedings{DBLP:conf/ftcs/BermanG93,
	Author = {Piotr Berman and Juan A. Garay},
	Bibsource = {dblp computer science bibliography, http://dblp.org},
	Biburl = {http://dblp.uni-trier.de/rec/bib/conf/ftcs/BermanG93},
	Booktitle = {Digest of Papers: FTCS-23, The Twenty-Third Annual International Symposium on Fault-Tolerant Computing, Toulouse, France, June 22-24, 1993},
	Crossref = {DBLP:conf/ftcs/1993},
	Doi = {10.1109/FTCS.1993.627344},
	Pages = {412--419},
	Timestamp = {Tue, 09 Sep 2014 08:19:51 +0200},
	Title = {Randomized Distributed Agreement Revisited},
	Url = {http://doi.ieeecomputersociety.org/10.1109/FTCS.1993.627344},
	Year = {1993},
	Bdsk-Url-1 = {http://doi.ieeecomputersociety.org/10.1109/FTCS.1993.627344},
	Bdsk-Url-2 = {http://dx.doi.org/10.1109/FTCS.1993.627344}}

@proceedings{DBLP:conf/ftcs/1993,
	Bibsource = {dblp computer science bibliography, http://dblp.org},
	Biburl = {http://dblp.uni-trier.de/rec/bib/conf/ftcs/1993},
	Isbn = {0-8186-3680-7},
	Publisher = {{IEEE} Computer Society},
	Timestamp = {Tue, 09 Sep 2014 08:19:51 +0200},
	Title = {Digest of Papers: FTCS-23, The Twenty-Third Annual International Symposium on Fault-Tolerant Computing, Toulouse, France, June 22-24, 1993},
	Year = {1993}}

@misc{Bahack13,
	Author = {Lear Bahack},
	Howpublished = {Cryptology ePrint Archive, Report 2013/868},
	Note = {\url{http://eprint.iacr.org/}},
	Title = {Theoretical {B}itcoin Attacks with less than Half of the Computational Power (draft)},
	Year = {2013}}

@inproceedings{DBLP:conf/crypto/DworkN92,
	Author = {Cynthia Dwork and Moni Naor},
	Bibsource = {DBLP, http://dblp.uni-trier.de},
	Booktitle = {CRYPTO},
	Crossref = {DBLP:conf/crypto/1992},
	Date-Added = {2014-08-31 07:18:34 +0000},
	Date-Modified = {2014-08-31 07:18:34 +0000},
	Ee = {http://dx.doi.org/10.1007/3-540-48071-4_10},
	Pages = {139-147},
	Title = {Pricing via Processing or Combatting Junk Mail},
	Year = {1992}}

@proceedings{DBLP:conf/crypto/1992,
	Bibsource = {DBLP, http://dblp.uni-trier.de},
	Booktitle = {CRYPTO},
	Date-Added = {2014-08-31 07:18:34 +0000},
	Date-Modified = {2014-08-31 07:18:34 +0000},
	Editor = {Ernest F. Brickell},
	Isbn = {3-540-57340-2},
	Publisher = {Springer},
	Series = {Lecture Notes in Computer Science},
	Title = {Advances in Cryptology - CRYPTO '92, 12th Annual International Cryptology Conference, Santa Barbara, California, USA, August 16-20, 1992, Proceedings},
	Volume = {740},
	Year = {1993}}

@misc{hashcash,
	Author = {Adam Back},
	Date-Added = {2014-08-30 18:42:12 +0000},
	Date-Modified = {2014-08-30 18:42:37 +0000},
	Howpublished = {http://www.cypherspace.org/hashcash},
	Title = {Hashcash},
	Year = {1997}}

@techreport{RSW1996,
	Address = {Cambridge, MA, USA},
	Author = {Rivest, R. L. and Shamir, A. and Wagner, D. A.},
	Date-Added = {2014-08-30 18:41:18 +0000},
	Date-Modified = {2014-08-30 18:41:26 +0000},
	Publisher = {Massachusetts Institute of Technology},
	Source = {http://www.ncstrl.org:8900/ncstrl/servlet/search?formname=detail\&id=oai%3Ancstrlh%3Amitai%3AMIT-LCS%2F%2FMIT%2FLCS%2FTR-684},
	Title = {Time-lock Puzzles and Timed-release Crypto},
	Year = {1996}}

@inproceedings{DBLP:conf/ndss/JuelsB99,
	Author = {Ari Juels and John G. Brainard},
	Bibsource = {DBLP, http://dblp.uni-trier.de},
	Booktitle = {NDSS},
	Crossref = {DBLP:conf/ndss/1999},
	Date-Added = {2014-08-30 18:38:29 +0000},
	Date-Modified = {2014-08-30 18:38:29 +0000},
	Ee = {http://www.isoc.org/isoc/conferences/ndss/99/proceedings/papers/juels.pdf},
	Title = {Client Puzzles: A Cryptographic Countermeasure Against Connection Depletion Attacks},
	Year = {1999}}

@proceedings{DBLP:conf/ndss/1999,
	Bibsource = {DBLP, http://dblp.uni-trier.de},
	Booktitle = {NDSS},
	Date-Added = {2014-08-30 18:38:29 +0000},
	Date-Modified = {2014-08-30 18:38:29 +0000},
	Isbn = {1-891562-04-5, 1-891562-05-3},
	Publisher = {The Internet Society},
	Title = {Proceedings of the Network and Distributed System Security Symposium, NDSS 1999, San Diego, California, USA},
	Year = {1999}}

@article{DBLP:journals/jacm/FischerLP85,
	Author = {Michael J. Fischer and Nancy A. Lynch and Mike Paterson},
	Bibsource = {DBLP, http://dblp.uni-trier.de},
	Date-Added = {2014-08-30 18:19:49 +0000},
	Date-Modified = {2014-08-30 18:19:49 +0000},
	Ee = {http://doi.acm.org/10.1145/3149.214121},
	Journal = {J. ACM},
	Number = {2},
	Pages = {374-382},
	Title = {Impossibility of Distributed Consensus with One Faulty Process},
	Volume = {32},
	Year = {1985}}

@article{DBLP:journals/toplas/LamportSP82,
	Author = {Leslie Lamport and Robert E. Shostak and Marshall C. Pease},
	Bibsource = {DBLP, http://dblp.uni-trier.de},
	Date-Added = {2014-08-30 18:18:14 +0000},
	Date-Modified = {2014-08-30 18:18:14 +0000},
	Ee = {http://doi.acm.org/10.1145/357172.357176},
	Journal = {ACM Trans. Program. Lang. Syst.},
	Number = {3},
	Pages = {382-401},
	Title = {The Byzantine Generals Problem},
	Volume = {4},
	Year = {1982}}

@article{DBLP:journals/jacm/PeaseSL80,
	Author = {Marshall C. Pease and Robert E. Shostak and Leslie Lamport},
	Bibsource = {DBLP, http://dblp.uni-trier.de},
	Date-Added = {2014-08-30 18:17:17 +0000},
	Date-Modified = {2014-08-30 18:17:17 +0000},
	Ee = {http://doi.acm.org/10.1145/322186.322188},
	Journal = {J. ACM},
	Number = {2},
	Pages = {228-234},
	Title = {Reaching Agreement in the Presence of Faults},
	Volume = {27},
	Year = {1980}}

@article{DBLP:journals/siamcomp/DolevS83,
	Author = {Danny Dolev and H. Raymond Strong},
	Bibsource = {DBLP, http://dblp.uni-trier.de},
	Date-Added = {2014-08-30 17:52:07 +0000},
	Date-Modified = {2014-08-30 17:52:07 +0000},
	Ee = {http://dx.doi.org/10.1137/0212045},
	Journal = {SIAM J. Comput.},
	Number = {4},
	Pages = {656-666},
	Title = {Authenticated Algorithms for Byzantine Agreement},
	Volume = {12},
	Year = {1983}}

@misc{Okun-thesis,
	Author = {Michael Okun},
	Date-Added = {2014-08-30 17:22:28 +0000},
	Date-Modified = {2014-08-30 17:23:31 +0000},
	Howpublished = {Ph.D. Thesis Hebrew University of Jerusalem},
	Title = {Distributed Computing Among Unacquainted Processors in the Presence of Byzantine Distributed Computing Among Unacquainted Processors in the Presence of Byzantine Failures},
	Year = {2005}}

@inproceedings{DBLP:conf/wdag/Okun05,
	Author = {Michael Okun},
	Bibsource = {DBLP, http://dblp.uni-trier.de},
	Booktitle = {DISC},
	Crossref = {DBLP:conf/wdag/2005},
	Date-Added = {2014-08-30 16:54:14 +0000},
	Date-Modified = {2014-08-30 16:54:14 +0000},
	Ee = {http://dx.doi.org/10.1007/11561927_40},
	Pages = {499-500},
	Title = {Agreement Among Unacquainted Byzantine Generals},
	Year = {2005}}

@proceedings{DBLP:conf/wdag/2005,
	Bibsource = {DBLP, http://dblp.uni-trier.de},
	Booktitle = {DISC},
	Date-Added = {2014-08-30 16:54:14 +0000},
	Date-Modified = {2014-08-30 16:54:14 +0000},
	Editor = {Pierre Fraigniaud},
	Isbn = {3-540-29163-6},
	Publisher = {Springer},
	Series = {Lecture Notes in Computer Science},
	Title = {Distributed Computing, 19th International Conference, DISC 2005, Cracow, Poland, September 26-29, 2005, Proceedings},
	Volume = {3724},
	Year = {2005}}

@article{DBLP:journals/ipl/Neiger94,
	Author = {Gil Neiger},
	Bibsource = {DBLP, http://dblp.uni-trier.de},
	Date-Added = {2014-08-30 15:32:32 +0000},
	Date-Modified = {2014-08-30 15:32:32 +0000},
	Ee = {http://dx.doi.org/10.1016/0020-0190(94)90011-6},
	Journal = {Inf. Process. Lett.},
	Number = {4},
	Pages = {195-201},
	Title = {Distributed Consensus Revisited},
	Volume = {49},
	Year = {1994}}

@article{OkunBarak2008,
	Acmid = {1341216},
	Address = {Secaucus, NJ, USA},
	Author = {Okun, Michael and Barak, Amnon},
	Date-Added = {2014-08-30 09:19:44 +0000},
	Date-Modified = {2014-08-30 09:19:55 +0000},
	Doi = {10.1007/s00224-007-9006-9},
	Issn = {1432-4350},
	Issue_Date = {January 2008},
	Journal = {Theor. Comp. Sys.},
	Keywords = {Anonymous distributed algorithms, Anonymous networks, Byzantine agreement, Distributed fault tolerant computing},
	Month = jan,
	Number = {2},
	Numpages = {17},
	Pages = {222--238},
	Publisher = {Springer-Verlag New York, Inc.},
	Title = {Efficient Algorithms for Anonymous Byzantine Agreement},
	Url = {http://dx.doi.org/10.1007/s00224-007-9006-9},
	Volume = {42},
	Year = {2008},
	Bdsk-Url-1 = {http://dx.doi.org/10.1007/s00224-007-9006-9}}

@misc{Nakamoto2009,
	Author = {Satoshi Nakamoto},
	Howpublished = {http://p2pfoundation.ning.com/\allowbreak forum/\allowbreak topics/bitcoin-open-source},
	Month = {February},
	Title = {Bitcoin open source implementation of P2P currency},
	Year = {2009}}

@misc{primecoin,
	Author = {Sunny King},
	Howpublished = {http://primecoin.io/\allowbreak bin/\allowbreak primecoin-paper.pdf},
	Month = {July},
	Title = {Primecoin: Cryptocurrency with Prime Number Proof-of-Work},
	Year = {2013}}

@article{DBLP:journals/iacr/Ben-SassonCG0MTV14,
	Author = {Eli Ben-Sasson and Alessandro Chiesa and Christina Garman and Matthew Green and Ian Miers and Eran Tromer and Madars Virza},
	Bibsource = {DBLP, http://dblp.uni-trier.de},
	Date-Added = {2014-08-29 11:10:17 +0000},
	Date-Modified = {2014-08-29 11:10:17 +0000},
	Ee = {http://eprint.iacr.org/2014/349},
	Journal = {IACR Cryptology ePrint Archive},
	Pages = {349},
	Title = {Zerocash: Decentralized Anonymous Payments from Bitcoin},
	Volume = {2014},
	Year = {2014}}

@misc{Nakamoto2008,
	Author = {Satoshi Nakamoto},
	Date-Added = {2014-08-29 07:52:21 +0000},
	Date-Modified = {2014-08-29 07:53:56 +0000},
	Howpublished = {http://bitcoin.org/bitcoin.pdf},
	Title = {Bitcoin: A peer-to-peer electronic cash system.},
	Year = {2008}}

@inproceedings{DBLP:conf/fc/BarberBSU12,
	Author = {Simon Barber and Xavier Boyen and Elaine Shi and Ersin Uzun},
	Bibsource = {DBLP, http://dblp.uni-trier.de},
	Booktitle = {Financial Cryptography},
	Crossref = {DBLP:conf/fc/2012},
	Date-Added = {2014-08-29 07:36:26 +0000},
	Date-Modified = {2014-08-29 07:36:26 +0000},
	Ee = {http://dx.doi.org/10.1007/978-3-642-32946-3_29},
	Pages = {399-414},
	Title = {Bitter to Better - How to Make Bitcoin a Better Currency},
	Year = {2012}}

@inproceedings{DBLP:conf/sigecom/BabaioffDOZ12,
	Author = {Moshe Babaioff and Shahar Dobzinski and Sigal Oren and Aviv Zohar},
	Bibsource = {DBLP, http://dblp.uni-trier.de},
	Booktitle = {EC},
	Crossref = {DBLP:conf/sigecom/2012},
	Date-Added = {2014-08-29 07:33:23 +0000},
	Date-Modified = {2014-08-29 07:33:23 +0000},
	Ee = {http://doi.acm.org/10.1145/2229012.2229022},
	Pages = {56-73},
	Title = {On bitcoin and red balloons},
	Year = {2012}}

@proceedings{DBLP:conf/sigecom/2012,
	Bibsource = {DBLP, http://dblp.uni-trier.de},
	Booktitle = {EC},
	Date-Added = {2014-08-29 07:33:23 +0000},
	Date-Modified = {2014-08-29 07:33:23 +0000},
	Editor = {Boi Faltings and Kevin Leyton-Brown and Panos Ipeirotis},
	Ee = {http://dl.acm.org/citation.cfm?id=2229012},
	Isbn = {978-1-4503-1415-2},
	Publisher = {ACM},
	Title = {ACM Conference on Electronic Commerce, EC '12, Valencia, Spain, June 4-8, 2012},
	Year = {2012}}

@misc{nakamoto-forum,
	Author = {Satoshi Nakamoto},
	Date-Added = {2014-08-29 07:23:17 +0000},
	Date-Modified = {2014-08-29 07:55:49 +0000},
	Howpublished = {The Cryptography Mailing List, https://www.mail-archive.com/cryptography@metzdowd.com/msg09997.html},
	Month = {November},
	Title = {``The proof-of-work chain is a solution to the Byzantine Generals' Problem''},
	Year = {2008}}

@misc{MillerLaviola2014,
	Author = {Andrew Miller and Joseph J. LaViola},
	Date-Added = {2014-08-29 07:18:06 +0000},
	Date-Modified = {2014-08-29 07:18:39 +0000},
	Howpublished = {University of Central Florida. Tech Report, CS-TR-14-01},
	Month = {April},
	Title = {Anonymous Byzantine Consensus from Moderately-Hard Puzzles: A Model for Bitcoin.},
	Year = {2014}}

@article{Canetti2000,
	Author = {Ran Canetti},
	Bibsource = {DBLP, http://dblp.uni-trier.de},
	Date-Added = {2014-08-29 07:14:06 +0000},
	Date-Modified = {2014-08-29 07:14:12 +0000},
	Ee = {http://dx.doi.org/10.1007/s001459910006},
	Journal = {J. Cryptology},
	Number = {1},
	Pages = {143-202},
	Title = {Security and Composition of Multiparty Cryptographic Protocols},
	Volume = {13},
	Year = {2000}}

@article{Cunicula2014,
	Author = {Cunicula},
	Date-Modified = {2014-09-16 08:46:02 +0000},
	Title = {Why doesn't Bitcoin use a tiebreaking rule when comparing chains of equal length? {\tt https://bitcointalk.org/index.php?topic=355644.0}},
	Year = {2013}}

@inproceedings{eyalsirer2014,
	Author = {Ittay Eyal and Emin Gun Sirer},
	Bibsource = {DBLP, http://dblp.uni-trier.de},
	Booktitle = {Financial Cryptography},
	Crossref = {DBLP:conf/fc/2012},
	Date-Added = {2014-08-29 07:06:36 +0000},
	Date-Modified = {2014-08-29 07:08:25 +0000},
	Ee = {http://dx.doi.org/10.1007/978-3-642-32946-3_1},
	Title = {Majority is not Enough: Bitcoin Mining is Vulnerable},
	Year = {2014}}

@inproceedings{yao82,
	Author = {Andrew Chi-Chih Yao},
	Bibsource = {DBLP, http://dblp.uni-trier.de},
	Booktitle = {FOCS},
	Crossref = {DBLP:conf/focs/FOCS23},
	Pages = {160-164},
	Title = {Protocols for Secure Computations (Extended Abstract)},
	Year = {1982}}

@proceedings{DBLP:conf/focs/FOCS23,
	Bibsource = {DBLP, http://dblp.uni-trier.de},
	Booktitle = {FOCS},
	Publisher = {IEEE},
	Title = {23rd Annual Symposium on Foundations of Computer Science, 3-5 November 1982, Chicago, Illinois, USA},
	Year = {1982}}

@inproceedings{gmw87,
	Author = {Oded Goldreich and Silvio Micali and Avi Wigderson},
	Bibsource = {DBLP, http://dblp.uni-trier.de},
	Booktitle = {STOC},
	Crossref = {DBLP:conf/stoc/STOC19},
	Pages = {218-229},
	Title = {How to Play any Mental Game or A Completeness Theorem for Protocols with Honest Majority},
	Year = {1987}}

@proceedings{DBLP:conf/stoc/STOC19,
	Bibsource = {DBLP, http://dblp.uni-trier.de},
	Booktitle = {STOC},
	Publisher = {ACM},
	Title = {Proceedings of the Nineteenth Annual ACM Symposium on Theory of Computing, 25-27 May 1987, New York City, NY, USA},
	Year = {1987}}

@inproceedings{C:Chaum82,
	Address = cryptoaddr,
	Author = {David Chaum},
	Booktitle = crypto82name,
	Date-Added = {2014-08-25 03:46:38 +0000},
	Date-Modified = {2014-08-25 03:46:38 +0000},
	Editor = crypto82ed,
	Month = crypto82month,
	Pages = {199--203},
	Publisher = plenumpress,
	Title = {Blind Signatures for Untraceable Payments},
	Volume = crypto82vol,
	Year = 1982}

@inproceedings{DBLP:conf/p2p/DeckerW13,
	Author = {Christian Decker and Roger Wattenhofer},
	Bibsource = {DBLP, http://dblp.uni-trier.de},
	Booktitle = {P2P},
	Crossref = {DBLP:conf/p2p/2013},
	Date-Added = {2014-08-10 20:27:21 +0000},
	Date-Modified = {2014-08-10 20:27:21 +0000},
	Ee = {http://dx.doi.org/10.1109/P2P.2013.6688704},
	Pages = {1-10},
	Title = {Information propagation in the Bitcoin network},
	Year = {2013}}

@proceedings{DBLP:conf/p2p/2013,
	Bibsource = {DBLP, http://dblp.uni-trier.de},
	Booktitle = {P2P},
	Date-Added = {2014-08-10 20:27:21 +0000},
	Date-Modified = {2014-08-10 20:27:21 +0000},
	Ee = {http://ieeexplore.ieee.org/xpl/mostRecentIssue.jsp?punumber=6679377},
	Isbn = {978-1-4799-0521-8},
	Publisher = {IEEE},
	Title = {13th IEEE International Conference on Peer-to-Peer Computing, IEEE P2P 2013, Trento, Italy, September 9-11, 2013, Proceedings},
	Year = {2013}}

@book{ct06,
	Author = {Thomas M. Cover and Joy A. Thomas},
	Isbn = {0471241954},
	Publisher = {Wiley-Interscience},
	Title = {Elements of Information Theory},
	Year = {2006}}

@article{delporte2013,
	Author = {Delporte-Gallet, Carole and Fauconnier, Hugues and Guerraoui, Rachid and Kermarrec, Anne-Marie and Ruppert, Eric and Tran-The, Hung},
	Doi = {10.1007/s00446-013-0190-3},
	Issn = {0178-2770},
	Journal = {Distributed Computing},
	Keywords = {Consensus; Message passing; Process identifiers; Byzantine failures},
	Language = {English},
	Number = {5-6},
	Pages = {321-340},
	Publisher = {Springer Berlin Heidelberg},
	Title = {Byzantine agreement with homonyms},
	Url = {http://dx.doi.org/10.1007/s00446-013-0190-3},
	Volume = {26},
	Year = {2013},
	Bdsk-Url-1 = {http://dx.doi.org/10.1007/s00446-013-0190-3}}

@techreport{ajk2005,
	Author = {James Aspnes and Collin Jackson and Arvind Krishnamurthy},
	Institution = {Yale University Department of Computer Science},
	Month = jul,
	Number = {YALEU/DCS/TR-1332},
	Title = {Exposing computationally-challenged {B}yzantine impostors},
	Year = 2005}

@incollection{afg2006,
	Author = {Angluin, Dana and Fischer, MichaelJ. and Jiang, Hong},
	Booktitle = {Distributed Computing in Sensor Systems},
	Doi = {10.1007/11776178_3},
	Editor = {Gibbons, PhillipB. and Abdelzaher, Tarek and Aspnes, James and Rao, Ramesh},
	Isbn = {978-3-540-35227-3},
	Pages = {37-50},
	Publisher = {Springer Berlin Heidelberg},
	Series = {Lecture Notes in Computer Science},
	Title = {Stabilizing Consensus in Mobile Networks},
	Url = {http://dx.doi.org/10.1007/11776178_3},
	Volume = {4026},
	Year = {2006},
	Bdsk-Url-1 = {http://dx.doi.org/10.1007/11776178_3}}

@inproceedings{DBLP:conf/podc/GarayKKZ11,
	Author = {Juan A. Garay and Jonathan Katz and Ranjit Kumaresan and Hong{-}Sheng Zhou},
	Bibsource = {dblp computer science bibliography, http://dblp.org},
	Biburl = {http://dblp.uni-trier.de/rec/bib/conf/podc/GarayKKZ11},
	Booktitle = {Proceedings of the 30th Annual {ACM} Symposium on Principles of Distributed Computing, {PODC} 2011, San Jose, CA, USA, June 6-8, 2011},
	Crossref = {DBLP:conf/podc/2011},
	Doi = {10.1145/1993806.1993832},
	Pages = {179--186},
	Timestamp = {Sun, 07 Sep 2014 04:41:58 +0200},
	Title = {Adaptively secure broadcast, revisited},
	Url = {http://doi.acm.org/10.1145/1993806.1993832},
	Year = {2011},
	Bdsk-Url-1 = {http://doi.acm.org/10.1145/1993806.1993832},
	Bdsk-Url-2 = {http://dx.doi.org/10.1145/1993806.1993832}}

@proceedings{DBLP:conf/podc/2011,
	Bibsource = {dblp computer science bibliography, http://dblp.org},
	Biburl = {http://dblp.uni-trier.de/rec/bib/conf/podc/2011},
	Editor = {Cyril Gavoille and Pierre Fraigniaud},
	Isbn = {978-1-4503-0719-2},
	Publisher = {{ACM}},
	Timestamp = {Sun, 07 Sep 2014 04:41:58 +0200},
	Title = {Proceedings of the 30th Annual {ACM} Symposium on Principles of Distributed Computing, {PODC} 2011, San Jose, CA, USA, June 6-8, 2011},
	Url = {http://dl.acm.org/citation.cfm?id=1993806},
	Year = {2011},
	Bdsk-Url-1 = {http://dl.acm.org/citation.cfm?id=1993806}}

@inproceedings{fg2003,
	Author = {Matthias Fitzi and Juan A. Garay},
	Bibsource = {DBLP, http://dblp.uni-trier.de},
	Booktitle = {PODC},
	Crossref = {DBLP:conf/podc/2003},
	Ee = {http://doi.acm.org/10.1145/872035.872066},
	Pages = {211-220},
	Title = {Efficient player-optimal protocols for strong and differential consensus},
	Year = {2003}}

@proceedings{DBLP:conf/podc/2003,
	Bibsource = {DBLP, http://dblp.uni-trier.de},
	Booktitle = {PODC},
	Editor = {Elizabeth Borowsky and Sergio Rajsbaum},
	Ee = {http://dl.acm.org/citation.cfm?id=872035},
	Isbn = {1-58113-708-7},
	Publisher = {ACM},
	Title = {Proceedings of the Twenty-Second ACM Symposium on Principles of Distributed Computing, PODC 2003, Boston, Massachusetts, USA, July 13-16, 2003},
	Year = {2003}}

@article{DBLP:journals/iacr/GarayKL14,
	Author = {Juan A. Garay and Aggelos Kiayias and Nikos Leonardos},
	Bibsource = {dblp computer science bibliography, http://dblp.org},
	Biburl = {http://dblp.uni-trier.de/rec/bib/journals/iacr/GarayKL14},
	Journal = {{IACR} Cryptology ePrint Archive},
	Pages = {765},
	Timestamp = {Wed, 15 Oct 2014 13:16:53 +0200},
	Title = {The {B}itcoin {B}ackbone {P}rotocol: {A}nalysis and {A}pplications},
	Url = {http://eprint.iacr.org/2014/765},
	Volume = {2014},
	Year = {2014},
	Bdsk-Url-1 = {http://eprint.iacr.org/2014/765}}

@article{DBLP:journals/joc/BarakCLPR11,
	Author = {Boaz Barak and Ran Canetti and Yehuda Lindell and Rafael Pass and Tal Rabin},
	Bibsource = {dblp computer science bibliography, http://dblp.org},
	Biburl = {http://dblp.uni-trier.de/rec/bib/journals/joc/BarakCLPR11},
	Doi = {10.1007/s00145-010-9075-9},
	Journal = {J. Cryptology},
	Number = {4},
	Pages = {720--760},
	Timestamp = {Tue, 09 Sep 2014 05:26:51 +0200},
	Title = {Secure Computation Without Authentication},
	Url = {http://dx.doi.org/10.1007/s00145-010-9075-9},
	Volume = {24},
	Year = {2011},
	Bdsk-Url-1 = {http://dx.doi.org/10.1007/s00145-010-9075-9}}

@inproceedings{DBLP:conf/eurocrypt/HirtZ10,
	Author = {Martin Hirt and Vassilis Zikas},
	Bibsource = {dblp computer science bibliography, http://dblp.org},
	Biburl = {http://dblp.uni-trier.de/rec/bib/conf/eurocrypt/HirtZ10},
	Booktitle = {Advances in Cryptology - {EUROCRYPT} 2010, 29th Annual International Conference on the Theory and Applications of Cryptographic Techniques, French Riviera, May 30 - June 3, 2010. Proceedings},
	Crossref = {DBLP:conf/eurocrypt/2010},
	Doi = {10.1007/978-3-642-13190-5_24},
	Pages = {466--485},
	Timestamp = {Sun, 07 Sep 2014 04:44:08 +0200},
	Title = {Adaptively Secure Broadcast},
	Url = {http://dx.doi.org/10.1007/978-3-642-13190-5_24},
	Year = {2010},
	Bdsk-Url-1 = {http://dx.doi.org/10.1007/978-3-642-13190-5_24}}

@proceedings{DBLP:conf/eurocrypt/2010,
	Bibsource = {dblp computer science bibliography, http://dblp.org},
	Biburl = {http://dblp.uni-trier.de/rec/bib/conf/eurocrypt/2010},
	Doi = {10.1007/978-3-642-13190-5},
	Editor = {Henri Gilbert},
	Isbn = {978-3-642-13189-9},
	Publisher = {Springer},
	Series = {Lecture Notes in Computer Science},
	Timestamp = {Sun, 07 Sep 2014 04:44:08 +0200},
	Title = {Advances in Cryptology - {EUROCRYPT} 2010, 29th Annual International Conference on the Theory and Applications of Cryptographic Techniques, French Riviera, May 30 - June 3, 2010. Proceedings},
	Url = {http://dx.doi.org/10.1007/978-3-642-13190-5},
	Volume = {6110},
	Year = {2010},
	Bdsk-Url-1 = {http://dx.doi.org/10.1007/978-3-642-13190-5}}

@inproceedings{rabin1983,
	Author = {Michael O. Rabin},
	Bibsource = {DBLP, http://dblp.uni-trier.de},
	Booktitle = {FOCS},
	Crossref = {DBLP:conf/focs/FOCS24},
	Ee = {http://doi.ieeecomputersociety.org/10.1109/SFCS.1983.48},
	Pages = {403-409},
	Title = {Randomized Byzantine Generals},
	Year = {1983}}

@proceedings{DBLP:conf/focs/FOCS24,
	Bibsource = {DBLP, http://dblp.uni-trier.de},
	Booktitle = {FOCS},
	Publisher = {IEEE Computer Society},
	Title = {24th Annual Symposium on Foundations of Computer Science, Tucson, Arizona, USA, 7-9 November 1983},
	Year = {1983}}

@inproceedings{b1983,
	Author = {Michael Ben-Or},
	Bibsource = {DBLP, http://dblp.uni-trier.de},
	Booktitle = {PODC},
	Crossref = {DBLP:conf/podc/1983},
	Ee = {http://doi.acm.org/10.1145/800221.806707},
	Pages = {27-30},
	Title = {Another Advantage of Free Choice: Completely Asynchronous Agreement Protocols (Extended Abstract)},
	Year = {1983}}

@proceedings{DBLP:conf/podc/1983,
	Bibsource = {DBLP, http://dblp.uni-trier.de},
	Booktitle = {PODC},
	Editor = {Robert L. Probert and Nancy A. Lynch and Nicola Santoro},
	Ee = {http://dl.acm.org/citation.cfm?id=800221},
	Isbn = {0-89791-110-5},
	Publisher = {ACM},
	Title = {Proceedings of the Second Annual ACM SIGACT-SIGOPS Symposium on Principles of Distributed Computing, Montreal, Quebec, Canada, August 17-19, 1983},
	Year = {1983}}

@article{fm1997,
	Author = {Pesech Feldman and Silvio Micali},
	Bibsource = {DBLP, http://dblp.uni-trier.de},
	Ee = {http://dx.doi.org/10.1137/S0097539790187084},
	Journal = {SIAM J. Comput.},
	Number = {4},
	Pages = {873-933},
	Title = {An Optimal Probabilistic Protocol for Synchronous Byzantine Agreement},
	Volume = {26},
	Year = {1997}}

@article{kk2009,
	Author = {Jonathan Katz and Chiu-Yuen Koo},
	Doi = {http://dx.doi.org/10.1016/j.jcss.2008.08.001},
	Issn = {0022-0000},
	Journal = {Journal of Computer and System Sciences},
	Keywords = {Secure computation},
	Number = {2},
	Pages = {91 - 112},
	Title = {On expected constant-round protocols for Byzantine agreement},
	Url = {http://www.sciencedirect.com/science/article/pii/S0022000008000718},
	Volume = {75},
	Year = {2009},
	Bdsk-Url-1 = {http://www.sciencedirect.com/science/article/pii/S0022000008000718},
	Bdsk-Url-2 = {http://dx.doi.org/10.1016/j.jcss.2008.08.001}}

@article{JOC:BPW12,
	Author = {Alexandra Boldyreva and Adriana Palacio and Bogdan Warinschi},
	Bibsource = {dblp computer science bibliography, http://dblp.org},
	Biburl = {http://dblp.uni-trier.de/rec/bib/journals/joc/BoldyrevaPW12},
	Doi = {10.1007/s00145-010-9082-x},
	Journal = {J. Cryptology},
	Number = {1},
	Pages = {57--115},
	Timestamp = {Wed, 25 Jan 2012 15:11:11 +0100},
	Title = {Secure Proxy Signature Schemes for Delegation of Signing Rights},
	Url = {http://dx.doi.org/10.1007/s00145-010-9082-x},
	Volume = {25},
	Year = {2012},
	Bdsk-Url-1 = {http://dx.doi.org/10.1007/s00145-010-9082-x}}

@proceedings{DBLP:conf/fc/2012,
	Bibsource = {DBLP, http://dblp.uni-trier.de},
	Booktitle = {Financial Cryptography},
	Date-Added = {2014-08-29 07:36:26 +0000},
	Date-Modified = {2014-08-29 07:36:26 +0000},
	Editor = {Angelos D. Keromytis},
	Ee = {http://dx.doi.org/10.1007/978-3-642-32946-3},
	Isbn = {978-3-642-32945-6},
	Publisher = {Springer},
	Series = {Lecture Notes in Computer Science},
	Title = {Financial Cryptography and Data Security - 16th International Conference, FC 2012, Kralendijk, Bonaire, Februray 27-March 2, 2012, Revised Selected Papers},
	Volume = {7397},
	Year = {2012}}

@proceedings{DBLP:conf/eurocrypt/2015-2,
	Bibsource = {dblp computer science bibliography, http://dblp.org},
	Biburl = {http://dblp.uni-trier.de/rec/bib/conf/eurocrypt/2015-2},
	Doi = {10.1007/978-3-662-46803-6},
	Editor = {Elisabeth Oswald and Marc Fischlin},
	Isbn = {978-3-662-46802-9},
	Publisher = {Springer},
	Series = {Lecture Notes in Computer Science},
	Timestamp = {Tue, 14 Apr 2015 13:53:55 +0200},
	Title = {Advances in Cryptology - {EUROCRYPT} 2015 - 34th Annual International Conference on the Theory and Applications of Cryptographic Techniques, Sofia, Bulgaria, April 26-30, 2015, Proceedings, Part {II}},
	Url = {http://dx.doi.org/10.1007/978-3-662-46803-6},
	Volume = {9057},
	Year = {2015},
	Bdsk-Url-1 = {http://dx.doi.org/10.1007/978-3-662-46803-6}}

@inproceedings{Blum,
	Author = {Manuel Blum},
	Bibsource = {dblp computer science bibliography, http://dblp.org},
	Biburl = {http://dblp.uni-trier.de/rec/bib/conf/crypto/Blum81},
	Booktitle = {Advances in Cryptology: {A} Report on {CRYPTO} 81, {CRYPTO} 81, {IEEE} Workshop on Communications Security, Santa Barbara, California, USA, August 24-26, 1981.},
	Crossref = {DBLP:conf/crypto/1981},
	Pages = {11--15},
	Timestamp = {Wed, 26 Oct 2016 14:24:10 +0200},
	Title = {Coin Flipping by Telephone},
	Year = {1981}}

@proceedings{DBLP:conf/crypto/1981,
	Bibsource = {dblp computer science bibliography, http://dblp.org},
	Biburl = {http://dblp.uni-trier.de/rec/bib/conf/crypto/1981},
	Editor = {Allen Gersho},
	Publisher = {U. C. Santa Barbara, Dept. of Elec. and Computer Eng., {ECE} Report No 82-04},
	Timestamp = {Tue, 13 Dec 2011 17:24:50 +0100},
	Title = {Advances in Cryptology: {A} Report on {CRYPTO} 81, {CRYPTO} 81, {IEEE} Workshop on Communications Security, Santa Barbara, California, USA, August 24-26, 1981},
	Year = {1982}}

@article{Chaum81,
	Author = {David Chaum},
	Bibsource = {dblp computer science bibliography, http://dblp.org},
	Biburl = {http://dblp.uni-trier.de/rec/bib/journals/cacm/Chaum81},
	Doi = {10.1145/358549.358563},
	Journal = {Commun. {ACM}},
	Number = {2},
	Pages = {84--88},
	Timestamp = {Tue, 07 Jun 2011 16:51:22 +0200},
	Title = {Untraceable Electronic Mail, Return Addresses, and Digital Pseudonyms},
	Url = {http://doi.acm.org/10.1145/358549.358563},
	Volume = {24},
	Year = {1981},
	Bdsk-Url-1 = {http://doi.acm.org/10.1145/358549.358563},
	Bdsk-Url-2 = {http://dx.doi.org/10.1145/358549.358563}}

@article{Chaum88,
	Author = {David Chaum},
	Bibsource = {dblp computer science bibliography, http://dblp.org},
	Biburl = {http://dblp.uni-trier.de/rec/bib/journals/joc/Chaum88},
	Doi = {10.1007/BF00206326},
	Journal = {J. Cryptology},
	Number = {1},
	Pages = {65--75},
	Timestamp = {Tue, 24 May 2011 14:17:59 +0200},
	Title = {The Dining Cryptographers Problem: Unconditional Sender and Recipient Untraceability},
	Url = {http://dx.doi.org/10.1007/BF00206326},
	Volume = {1},
	Year = {1988},
	Bdsk-Url-1 = {http://dx.doi.org/10.1007/BF00206326}}

@inproceedings{Bonneau16,
	Author = {Joseph Bonneau},
	Bibsource = {dblp computer science bibliography, http://dblp.org},
	Biburl = {http://dblp.uni-trier.de/rec/bib/conf/fc/Bonneau16},
	Booktitle = {Financial Cryptography and Data Security - {FC} 2016 International Workshops, BITCOIN, VOTING, and WAHC, Christ Church, Barbados, February 26, 2016, Revised Selected Papers},
	Crossref = {DBLP:conf/fc/2016w},
	Doi = {10.1007/978-3-662-53357-4_2},
	Pages = {19--26},
	Timestamp = {Wed, 31 Aug 2016 11:20:19 +0200},
	Title = {Why Buy When You Can Rent? - Bribery Attacks on Bitcoin-Style Consensus},
	Url = {http://dx.doi.org/10.1007/978-3-662-53357-4_2},
	Year = {2016},
	Bdsk-Url-1 = {http://dx.doi.org/10.1007/978-3-662-53357-4_2}}

@proceedings{DBLP:conf/fc/2016w,
	Bibsource = {dblp computer science bibliography, http://dblp.org},
	Biburl = {http://dblp.uni-trier.de/rec/bib/conf/fc/2016w},
	Doi = {10.1007/978-3-662-53357-4},
	Editor = {Jeremy Clark and Sarah Meiklejohn and Peter Y. A. Ryan and Dan S. Wallach and Michael Brenner and Kurt Rohloff},
	Isbn = {978-3-662-53356-7},
	Publisher = {Springer},
	Series = {Lecture Notes in Computer Science},
	Timestamp = {Wed, 31 Aug 2016 11:18:50 +0200},
	Title = {Financial Cryptography and Data Security - {FC} 2016 International Workshops, BITCOIN, VOTING, and WAHC, Christ Church, Barbados, February 26, 2016, Revised Selected Papers},
	Url = {http://dx.doi.org/10.1007/978-3-662-53357-4},
	Volume = {9604},
	Year = {2016},
	Bdsk-Url-1 = {http://dx.doi.org/10.1007/978-3-662-53357-4}}

@misc{buterin2014,
	Author = {Vitalik Buterin},
	Date-Added = {2017-03-16 13:00 +0000},
	Howpublished = {https://blog.ethereum.org/2014/05/15/long-range-attacks-the-serious-problem-with-adaptive-proof-of-work/},
	Title = {Long-Range Attacks: The Serious Problem With Adaptive Proof of Work},
	Year = {2014}}

@misc{buterin2016,
	Author = {Vitalik Buterin},
	Date-Added = {2017-03-16 13:00 +0000},
	Howpublished = {https://github.com/ethereum/wiki/wiki/Proof-of-Stake-FAQ},
	Title = {Proof of Stake FAQ},
	Year = {2016}}

@inproceedings{CFSW:Canetti04,
	Author = {Ran Canetti},
	Bibsource = {dblp computer science bibliography, http://dblp.org},
	Biburl = {http://dblp.uni-trier.de/rec/bib/conf/csfw/Canetti04},
	Booktitle = {17th {IEEE} Computer Security Foundations Workshop, {(CSFW-17} 2004), 28-30 June 2004, Pacific Grove, CA, {USA}},
	Crossref = {DBLP:conf/csfw/2004},
	Doi = {10.1109/CSFW.2004.24},
	Pages = {219},
	Timestamp = {Fri, 13 May 2016 11:50:53 +0200},
	Title = {Universally Composable Signature, Certification, and Authentication},
	Url = {http://doi.ieeecomputersociety.org/10.1109/CSFW.2004.24},
	Year = {2004},
	Bdsk-Url-1 = {http://doi.ieeecomputersociety.org/10.1109/CSFW.2004.24},
	Bdsk-Url-2 = {http://dx.doi.org/10.1109/CSFW.2004.24}}

@proceedings{DBLP:conf/csfw/2004,
	Bibsource = {dblp computer science bibliography, http://dblp.org},
	Biburl = {http://dblp.uni-trier.de/rec/bib/conf/csfw/2004},
	Isbn = {0-7695-2169-X},
	Publisher = {{IEEE} Computer Society},
	Timestamp = {Fri, 13 May 2016 11:50:53 +0200},
	Title = {17th {IEEE} Computer Security Foundations Workshop, {(CSFW-17} 2004), 28-30 June 2004, Pacific Grove, CA, {USA}},
	Url = {http://ieeexplore.ieee.org/xpl/mostRecentIssue.jsp?punumber=9168},
	Year = {2004},
	Bdsk-Url-1 = {http://ieeexplore.ieee.org/xpl/mostRecentIssue.jsp?punumber=9168}}

@article{GMR88,
	Author = {Shafi Goldwasser and Silvio Micali and Ronald L. Rivest},
	Bibsource = {dblp computer science bibliography, http://dblp.org},
	Biburl = {http://dblp.uni-trier.de/rec/bib/journals/siamcomp/GoldwasserMR88},
	Doi = {10.1137/0217017},
	Journal = {{SIAM} J. Comput.},
	Number = {2},
	Pages = {281--308},
	Timestamp = {Sat, 27 May 2017 14:22:59 +0200},
	Title = {A Digital Signature Scheme Secure Against Adaptive Chosen-Message Attacks},
	Url = {https://doi.org/10.1137/0217017},
	Volume = {17},
	Year = {1988},
	Bdsk-Url-1 = {https://doi.org/10.1137/0217017},
	Bdsk-Url-2 = {http://dx.doi.org/10.1137/0217017}}

@inproceedings{scrape,
	Author = {Ignacio Cascudo and Bernardo David},
	Bibsource = {dblp computer science bibliography, http://dblp.org},
	Biburl = {http://dblp.org/rec/bib/conf/acns/CascudoD17},
	Booktitle = {Applied Cryptography and Network Security - 15th International Conference, {ACNS} 2017, Kanazawa, Japan, July 10-12, 2017, Proceedings},
	Crossref = {DBLP:conf/acns/2017},
	Doi = {10.1007/978-3-319-61204-1_27},
	Pages = {537--556},
	Timestamp = {Tue, 04 Jul 2017 13:29:07 +0200},
	Title = {{SCRAPE:} Scalable Randomness Attested by Public Entities},
	Url = {https://doi.org/10.1007/978-3-319-61204-1_27},
	Year = {2017},
	Bdsk-Url-1 = {https://doi.org/10.1007/978-3-319-61204-1_27}}

@proceedings{DBLP:conf/acns/2017,
	Bibsource = {dblp computer science bibliography, http://dblp.org},
	Biburl = {http://dblp.org/rec/bib/conf/acns/2017},
	Doi = {10.1007/978-3-319-61204-1},
	Editor = {Dieter Gollmann and Atsuko Miyaji and Hiroaki Kikuchi},
	Isbn = {978-3-319-61203-4},
	Publisher = {Springer},
	Series = {Lecture Notes in Computer Science},
	Timestamp = {Tue, 04 Jul 2017 13:27:06 +0200},
	Title = {Applied Cryptography and Network Security - 15th International Conference, {ACNS} 2017, Kanazawa, Japan, July 10-12, 2017, Proceedings},
	Url = {https://doi.org/10.1007/978-3-319-61204-1},
	Volume = {10355},
	Year = {2017},
	Bdsk-Url-1 = {https://doi.org/10.1007/978-3-319-61204-1}}
